<?xml version="1.0" encoding="UTF-8"?><record xmlns="http://www.loc.gov/MARC21/slim" xmlns:cinclude="http://apache.org/cocoon/include/1.0" xmlns:zs="http://www.loc.gov/zing/srw/">
  <leader>01019cz  a2200193n  4500</leader>
  <controlfield tag="001">n 2007227804</controlfield>
  <controlfield tag="003">DLC</controlfield>
  <controlfield tag="005">20080731075531.0</controlfield>
  <controlfield tag="008">080728n| acannaabn          |b ana      </controlfield>
  <datafield tag="010" ind1=" " ind2=" ">
    <subfield code="a">n 2007227804</subfield>
  </datafield>
  <datafield tag="040" ind1=" " ind2=" ">
    <subfield code="a">DLC</subfield>
    <subfield code="b">eng</subfield>
    <subfield code="c">DLC</subfield>
    <subfield code="d">DLC</subfield>
  </datafield>
  <datafield tag="110" ind1="2" ind2=" ">
    <subfield code="a">Munaẓẓamat al-Ittiḥād al-Miṣrī li-Ḥuqūq al-Insān</subfield>
  </datafield>
  <datafield tag="410" ind1="2" ind2=" ">
    <subfield code="a">منظمة الإتحاد المصري لحقوق الإنسان</subfield>
  </datafield>
  <datafield tag="410" ind1="2" ind2=" ">
    <subfield code="a">EUHRO</subfield>
  </datafield>
  <datafield tag="410" ind1="2" ind2=" ">
    <subfield code="a">Munaẓẓamat al-Ayrū</subfield>
  </datafield>
  <datafield tag="410" ind1="2" ind2=" ">
    <subfield code="a">منظمة الايرو</subfield>
  </datafield>
  <datafield tag="667" ind1=" " ind2=" ">
    <subfield code="a">Non-Latin script references not evaluated.</subfield>
  </datafield>
  <datafield tag="670" ind1=" " ind2=" ">
    <subfield code="a">al-Izdārʼ [i.e. izdirāʼ] bi-aḥad al-adyān al-samāwīyah, 2007:</subfield>
    <subfield code="b">t.p. (منظمة الإتحاد المصري لحقوق الإنسان = Munaẓẓamat al-Ittiḥād al-Miṣrī li-Ḥuqūq al-Insān) cover (EUHRO)</subfield>
  </datafield>
  <datafield tag="670" ind1=" " ind2=" ">
    <subfield code="a">Munaẓẓamat al-Ittiḥād al-Miṣrī li-Ḥuqūq al-Insān (al-Ayrū) web site, viewed Jul. 29, 2008</subfield>
    <subfield code="b">www page title screen(منظمة الايرو = Munaẓẓamat al-Ayrū)</subfield>
    <subfield code="u">http://euhro1.maktoobblog.com</subfield>
  </datafield>
</record>